@inproceedings{badilla2020wefe,
  title={WEFE: The Word Embeddings Fairness Evaluation Framework.},
  author={Badilla, Pablo and Bravo-Marquez, Felipe and P{\'e}rez, Jorge},
  booktitle={IJCAI},
  pages={430--436},
  year={2020}
}

@inproceedings{ansell2021polylm,
  title={PolyLM: Learning about Polysemy through Language Modeling},
  author={Ansell, Alan and Bravo-Marquez, Felipe and Pfahringer, Bernhard},
  booktitle={Proceedings of the 16th Conference of the European Chapter of the Association for Computational Linguistics: Main Volume},
  pages={563--574},
  year={2021}
}

@article{bravo2021incremental,
  title={Incremental Word Vectors for Time-Evolving Sentiment Lexicon Induction},
  author={Bravo-Marquez, Felipe and Khanchandani, Arun and Pfahringer, Bernhard},
  journal={Cognitive Computation},
  pages={1--17},
  year={2021},
  publisher={Springer}
}


@Article{harris1954,
  Title                    = {Distributional structure},
  Author                   = {Harris, Zellig},
  Journal                  = {Word},
  Year                     = {1954},
  Number                   = {23},
  Pages                    = {146--162},
  Volume                   = {10},

  Added-at                 = {2011-09-11T16:03:32.000+0200},
  Biburl                   = {http://www.bibsonomy.org/bibtex/252e7950c31610617170d71c320f2252e/jil},
  Interhash                = {a23596808b6273076e1259dedca16330},
  Intrahash                = {52e7950c31610617170d71c320f2252e},
  Key                      = {Harris},
  Keywords                 = {classic context distributional harris hypothesis sense word},
  Owner                    = {felipe},
  Timestamp                = {2011-09-11T16:03:32.000+0200}
}


@InCollection{Mikolov2013,
  Title                    = {Distributed Representations of Words and Phrases and their Compositionality},
  Author                   = {Mikolov, Tomas and Sutskever, Ilya and Chen, Kai and Corrado, Greg S and Dean, Jeff},
  Booktitle                = {Advances in Neural Information Processing Systems 26},
  Publisher                = {Curran Associates, Inc.},
  Year                     = {2013},
  Editor                   = {C.J.C. Burges and L. Bottou and M. Welling and Z. Ghahramani and K.Q. Weinberger},
  Pages                    = {3111--3119},

  Url                      = {http://papers.nips.cc/paper/5021-distributed-representations-of-words-and-phrases-and-their-compositionality.pdf}
}


@InProceedings{penningtonSM14,
  Title                    = {Glove: Global Vectors for Word Representation},
  Author                   = {Jeffrey Pennington and Richard Socher and Christopher D. Manning},
  Booktitle                = {Proceedings of the 2014 Conference on Empirical Methods in Natural Language Processing, {EMNLP} 2014, October 25-29, 2014, Doha, Qatar, {A} meeting of SIGDAT, a Special Interest Group of the {ACL}},
  Year                     = {2014},
  Pages                    = {1532--1543},

  Url                      = {http://aclweb.org/anthology/D/D14/D14-1162.pdf}
}


@Article{bojanowski2016enriching,
  Title                    = {Enriching Word Vectors with Subword Information},
  Author                   = {Bojanowski, Piotr and Grave, Edouard and Joulin, Armand and Mikolov, Tomas},
  Journal                  = {arXiv preprint arXiv:1607.04606},
  Year                     = {2016}
}
